
@online{1,
	author={Dan Bornstein},
	title = {Dalvik VM Internals},
	url={https://14b1424d-a-62cb3a1a-s-sites.googlegroups.com/site/io/dalvik-vm-internals/2008-05-29-Presentation-Of-Dalvik-VM-Internals.pdf},
	urldate = {2014-11-09}
}

@online{2,	
	title = {ART and Dalvik},
	url={https://source.android.com/devices/tech/dalvik/},
	urldate = {2014-11-09}
}

@online{3,	
	title = {Dalvik (software)},
	url={http://en.wikipedia.org/wiki/Dalvik\_(software)},
	urldate = {2014-11-09}
}

@online{4,	
	title = {Android Runtime},
	url={http://en.wikipedia.org/wiki/Android\_Runtime},
	urldate = {2014-11-09}
}

@online{5,	
	title = {ART View},
	url={http://upload.wikimedia.org/wikipedia/commons/thumb/2/25/ART\_view.png/1124px-ART\_view.png},
	urldate = {2014-11-09}
}

@online{6,	
	title = {Android Logo},
	url={http://upload.wikimedia.org/wikipedia/commons/thumb/d/d7/Android\_robot.svg/872px-Android\_robot.svg.png},
	urldate = {2014-11-09}
}

@online{7,	
	title = {Android Kompiliervorgang},
	url={https://devmaze.files.wordpress.com/2011/05/image10.png},
	urldate = {2014-11-09}
}

@online{8,	
	title = {Just in time Kompilierung},
	url={http://de.wikipedia.org/wiki/Just-in-time-Kompilierung},
	urldate = {2014-11-09}
}

@online{9,	
	title = {Ahead of time Compiler},
	url={http://de.wikipedia.org/wiki/Ahead-of-time-Compiler},
	urldate = {2014-11-09}
}

@online{10,	
	title = {Dalvik VM ART Vergleich},
	url={http://www.droidwiki.de/images/9/9e/Dalvik\_VM\_ART\_Vergleich.png},
	urldate = {2014-11-09}
}

@online{11,	
	title = {Introducing ART},
	url={http://source.android.com/devices/tech/dalvik/art.html},
	urldate = {2014-11-09}
}

@online{12,	
	title = {Profiling with Traceview and dmtracedump},
	url={http://developer.android.com/tools/debugging/debugging-tracing.html},
	urldate = {2014-11-09}
}

