
@online{1,
	author={Ingo Pakalski},
	title = {Android war ursprünglich für Digitalkameras gedacht},
	year = 2013,
	url={http://www.golem.de/news/andy-rubin-android-war-urspruenglich-fuer-digitalkameras-gedacht-1304-98779.html},
	urldate = {2014-08-23}
}

@online{2,
	author={Daniel Ionescu},
	title = {Original Android Prototype Revealed During Google, Oracle Trial},
	year = 2012,
	url={http://www.pcworld.com/article/254539/original_android_prototype_revealed_during_google_oracle_trial.html},
	urldate = {2014-08-23}
}

@online{3,
	title = {Industry Leaders Announce Open Platform for Mobile Devices},
	year = 2007,
	url={http://www.openhandsetalliance.com/press_110507.html},
	urldate = {2014-08-23}
}

@online{4,
	author={Mark Wilson},	
	title = {T-Mobile G1: Full Details of the HTC Dream Android Phone},
	year = 2008,
	url={http://gizmodo.com/5053264/t-mobile-g1-full-details-of-the-htc-dream-android-phone},
	urldate = {2014-08-23}
}

@online{5,
	title = {Nexus},
	url={http://www.google.at/nexus/},
	urldate = {2014-08-23}
}

@online{6,
	title = {Android Version},
	url={http://upload.wikimedia.org/wikipedia/commons/thumb/e/ee/Android_historical_version_distribution_-_vector.svg/2000px-Android_historical_version_distribution_-_vector.svg.png},
	urldate = {2014-08-23}
}

@online{7,
	author={Ron Amadeo},	
	title = {A History of Pre-Cupcake Android Codenames},
	year = 2012,
	url={http://www.androidpolice.com/2012/09/17/a-history-of-pre-cupcake-android-codenames/},
	urldate = {2014-08-23}
}

@online{8,
	author={Andy Rubin},	
	title = {Where's my Gphone?},
	year = 2007,
	url={http://googleblog.blogspot.co.at/2007/11/wheres-my-gphone.html},
	urldate = {2014-08-23}
}

@online{9,
	author={Dan Morrill},	
	title = {Announcing the Android 1.0 SDK, release 1},
	year = 2008,
	url={http://android-developers.blogspot.co.at/2008/09/announcing-android-10-sdk-release-1.html},
	urldate = {2014-08-23}
}

@online{10,
	title = {Android 1.5 Platform Highlights},
	url={http://developer.android.com/about/versions/android-1.5-highlights.html},
	urldate = {2014-08-23}
}

@online{11,
	title = {Android 1.6 Platform Highlights},
	url={http://developer.android.com/about/versions/android-1.6-highlights.html},
	urldate = {2014-08-23}
}

@online{12,
	title = {Android 2.0 Platform Highlights},
	url={http://developer.android.com/about/versions/android-2.0-highlights.html},
	urldate = {2014-08-23}
}

@online{13,
	title = {Android 2.2 Platform Highlights},
	url={http://developer.android.com/about/versions/android-2.2-highlights.html},
	urldate = {2014-08-23}
}

@online{14,
	title = {Gingerbread},
	url={http://developer.android.com/about/versions/android-2.3-highlights.html},
	urldate = {2014-08-23}
}

@online{15,
	title = {Honeycomb},
	url={http://developer.android.com/about/versions/android-3.0-highlights.html},
	urldate = {2014-08-23}
}

@online{16,
	title = {Ice Cream Sandwich},
	url={http://developer.android.com/about/versions/android-4.0-highlights.html},
	urldate = {2014-08-23}
}

@online{17,
	title = {Jelly Bean},
	url={http://developer.android.com/about/versions/jelly-bean.html},
	urldate = {2014-08-23}
}

@online{18,
	title = {Android KitKat},
	url={http://developer.android.com/about/versions/kitkat.html},
	urldate = {2014-08-23}
}

@online{19,
	title = {Android Anatomy and Physiology},
	url={http://androidteam.googlecode.com/files/Anatomy-Physiology-of-an-Android.pdf},
	urldate = {2014-08-23}
}

@online{20,
	author={Dan Bornstein},
	title = {Dalvik VM Internals},
	url={https://sites.google.com/site/io/dalvik-vm-internals/2008-05-29-Presentation-Of-Dalvik-VM-Internals.pdf},
	urldate = {2014-08-23}
}

@online{21,
	title = {Activities},
	url={http://developer.android.com/guide/components/activities.html},
	urldate = {2014-08-23}
}

@online{22,
	title = {Activity Lifecycle},
	url={http://developer.android.com/images/activity_lifecycle.png},
	urldate = {2014-08-23}
}

@online{23,
	title = {WindowManager},
	url={http://developer.android.com/reference/android/view/WindowManager.html},
	urldate = {2014-08-23}
}

@online{24,
	title = {Window},
	url={http://developer.android.com/reference/android/view/Window.html},
	urldate = {2014-08-23}
}

@online{25,
	title = {Content Providers},
	url={http://developer.android.com/guide/topics/providers/content-providers.html},
	urldate = {2014-08-23}
}

@online{26,
	title = {View},
	url={http://developer.android.com/reference/android/view/View.html},
	urldate = {2014-08-23}
}

@online{27,
	title = {PackageManager},
	url={http://developer.android.com/reference/android/content/pm/PackageManager.html},
	urldate = {2014-08-23}
}

@online{28,
	title = {Resources Overview},
	url={http://developer.android.com/guide/topics/resources/overview.html},
	urldate = {2014-08-23}
}

@online{29,
	title = {Application Fundamentals},
	url={http://developer.android.com/guide/components/fundamentals.html},
	urldate = {2014-08-23}
}

@online{30,
	title = {Lock},
	url={http://developer.android.com/reference/java/util/concurrent/locks/Lock.html},
	urldate = {2014-08-23}
}

@online{31,
	title = {ReentrantLock},
	url={http://developer.android.com/reference/java/util/concurrent/locks/ReentrantLock.html},
	urldate = {2014-08-23}
}

@online{32,
	title = {ReadWriteLock},
	url={http://developer.android.com/reference/java/util/concurrent/locks/ReadWriteLock.html},
	urldate = {2014-08-23}
}

@online{33,
	title = {Semaphore},
	url={http://developer.android.com/reference/java/util/concurrent/Semaphore.html},
	urldate = {2014-08-23}
}

@online{34,
	title = {Description of race conditions and deadlocks},
	url={http://support.microsoft.com/kb/317723},
	urldate = {2014-08-23}
}

@online{35,
	title = {Processes and Threads},
	url={http://developer.android.com/guide/components/processes-and-threads.html},
	urldate = {2014-08-23}
}

@online{36,
	title = {AsyncTask},
	url={http://developer.android.com/reference/android/os/AsyncTask.html},
	urldate = {2014-08-23}
}

@online{37,
	title = {Android Studio},
	url={https://developer.android.com/sdk/installing/studio.html},
	urldate = {2014-08-23}
}

@online{38,
	title = {The Apache Ant Project},
	url={http://ant.apache.org/},
	urldate = {2014-08-23}
}

@online{39,
	title = {Gradle},
	url={http://www.gradle.org/},
	urldate = {2014-08-23}
}

@online{40,
	title = {Android Debug Bridge},
	url={http://developer.android.com/tools/help/adb.html},
	urldate = {2014-08-23}
}

@online{41,
	title = {Using DDMS},
	url={https://developer.android.com/tools/debugging/ddms.html},
	urldate = {2014-08-23}
}

@online{42,
	title = {Profiling with Traceview and dmtracedump},
	url={https://developer.android.com/tools/debugging/debugging-tracing.html},
	urldate = {2014-08-23}
}

@online{43,
	title = {Reading and Writing Logs},
	url={https://developer.android.com/tools/debugging/debugging-log.html},
	urldate = {2014-08-23}
}

@online{44,
	title = {Managing Virtual Devices},
	url={https://developer.android.com/tools/devices/index.html},
	urldate = {2014-08-23}
}

@online{45,
	title = {Managing AVDs with AVD Manager},
	url={https://developer.android.com/tools/devices/managing-avds.html},
	urldate = {2014-08-23}
}

@online{46,
	title = {Using the Emulator},
	url={https://developer.android.com/tools/devices/emulator.html},
	urldate = {2014-08-23}
}

@online{47,
	title = {Using Hardware Devices},
	url={https://developer.android.com/tools/device.html},
	urldate = {2014-08-23}
}

@online{48,
	title = {Nexus 4},
	url={http://www.google.de/nexus/4/specs/},
	urldate = {2014-08-23}
}

@online{49,
	title = {Samsung Galaxy S4},
	url={http://www.samsung.com/de/consumer/mobile-device/smartphone/smartphone/GT-I9505ZKADBT},
	urldate = {2014-08-23}
}